
@article{mazu,
   author = {He, Keqiang and Khalid, Junaid and Das, Sourav and Akella, Aditya and Li, Erran Li and Thottan, Marina},
   title = {Mazu: Taming Latency in Software Defined Networks},
   journal = {University of Wisconsin-Madison Technical Report},
   year = {2014},
}

@article{openflow,
  title={OpenFlow: enabling innovation in campus networks},
  author={McKeown, Nick and Anderson, Tom and Balakrishnan, Hari and Parulkar, Guru and Peterson, Larry and Rexford, Jennifer and Shenker, Scott and Turner, Jonathan},
  journal={SIGCOMM CCR},
  year={2008},
}


@inproceedings{microte,
  title={MicroTE: Fine grained traffic engineering for data centers},
  author={Benson, Theophilus and Anand, Ashok and Akella, Aditya and Zhang, Ming},
  booktitle={CoNEXT},
  year={2011},
}

@inproceedings{oflops,
  title={OFLOPS: An open framework for OpenFlow switch evaluation},
  author={Rotsos, Charalampos and Sarrar, Nadi and Uhlig, Steve and Sherwood, Rob and Moore, Andrew W},
  booktitle={PAM},
  year={2012},
}

@inproceedings{ucsdpaper,
  title={High-fidelity switch models for software-defined network emulation},
  author={Huang, Danny Yuxing and Yocum, Kenneth and Snoeren, Alex C},
  booktitle={HotSDN},
  year={2013},
}

@inproceedings{hedera,
  title={Hedera: Dynamic Flow Scheduling for Data Center Networks.},
  author={Al-Fares, Mohammad and Radhakrishnan, Sivasankar and Raghavan, Barath and Huang, Nelson and Vahdat, Amin},
  booktitle={NSDI},
  year={2010}
}
